<?xml version="1.0" encoding="UTF-8"?><record xmlns="http://www.loc.gov/MARC21/slim" xmlns:cinclude="http://apache.org/cocoon/include/1.0" xmlns:zs="http://www.loc.gov/zing/srw/">
  <leader>00416nz  a2200133n  4500</leader>
  <controlfield tag="001">n  88608807 </controlfield>
  <controlfield tag="003">DLC</controlfield>
  <controlfield tag="005">19880205104303.3</controlfield>
  <controlfield tag="008">880205n| acannaab|          |n aad |||  </controlfield>
  <datafield tag="010" ind1=" " ind2=" ">
    <subfield code="a">n  88608807 </subfield>
  </datafield>
  <datafield tag="040" ind1=" " ind2=" ">
    <subfield code="a">DLC</subfield>
    <subfield code="c">DLC</subfield>
    <subfield code="d">DLC</subfield>
  </datafield>
  <datafield tag="100" ind1="1" ind2="0">
    <subfield code="a">McQueen, R. J.</subfield>
  </datafield>
  <datafield tag="667" ind1=" " ind2=" ">
    <subfield code="a">NLC not consulted.</subfield>
  </datafield>
  <datafield tag="670" ind1=" " ind2=" ">
    <subfield code="a">nuc88-14062: Follow-up study of out-of-wedlock children ... 1977</subfield>
    <subfield code="b">(hdg. on CaBVaU rept.: McQueen, R. J.; usage: R.J. McQueen)</subfield>
  </datafield>
</record>